@article{liu2013ambient,
  title={Ambient backscatter: wireless communication out of thin air},
  author={Liu, Vincent and Parks, Aaron and Talla, Vamsi and Gollakota, Shyamnath and Wetherall, David and Smith, Joshua R},
  journal={ACM SIGCOMM Computer Communication Review},
  volume={43},
  number={4},
  pages={39--50},
  year={2013},
  publisher={ACM}
}
@misc{ferrite_antenna,
  title = {A High-gain Ferrite Bar Antenna for the PL-360/PL-365 and CountyComm GP5 series},
  howpublished = {\url{http://swling.com/blog/2016/01/a-high-gain-ferrite-bar-antenna-for-the-pl-360pl-365-and-countycomm-gp5-series/}},
}
@misc{weli_am,
  title = {Radio Locator: WELI-AM 960 kHz},
  howpublished = {\url{http://radio-locator.com/info/WELI-AM}},
}

@inproceedings{jang2016stent,
  title={A stent based in-vivo bio-sensing system for glucose monitoring},
  author={Jang, Heedon and Na, Kyungmin and Bien, Franklin},
  booktitle={Radio-Frequency Integration Technology (RFIT), 2016 IEEE International Symposium on},
  pages={1--3},
  year={2016},
  organization={IEEE}
}
